@article{gal-2001,
	author = {Galı, Jordi and Gertler, Mark and López-Salido, J.David},
	journal = {European Economic Review},
	month = {6},
	number = {7},
	pages = {1237--1270},
	title = {{European inflation dynamics}},
	volume = {45},
	year = {2001},
	doi = {10.1016/s0014-2921(00)00105-7},
	url = {https://doi.org/10.1016/s0014-2921(00)00105-7},
}