@article{gal-2001,
	author = {Galı, Jordi and Gertler, Mark and López-Salido, J.David},
	journal = {European Economic Review},
	month = {6},
	number = {7},
	pages = {1237--1270},
	title = {{European inflation dynamics}},
	volume = {45},
	year = {2001},
	doi = {10.1016/s0014-2921(00)00105-7},
	url = {https://doi.org/10.1016/s0014-2921(00)00105-7},
}

@article { TheEffectofInflationonEconomicDevelopment,
	title = {The Effect of Inflation on Economic Development},
	journal = {IMF Staff Papers},
	year = {1963},
	publisher = {International Monetary Fund},
	address = {USA},
	isbn = {9781451956023},
	volume = {1963},
	number = {001},
	doi = {10.5089/9781451956023.024.A001},
	pages = {A001},
    url = {https://www.elibrary.imf.org/view/journals/024/1963/001/article-A001-en.xml},
}